<record><leader>00000cas a2200000 a 4500</leader><controlfield tag="001">11632958</controlfield><controlfield tag="008">850129d18871912ksuwr ne      0   a0eng d</controlfield><datafield ind1=" " ind2=" " tag="010"><subfield code="a">sn 85029001 </subfield></datafield><datafield ind1=" " ind2=" " tag="040"><subfield code="a">KSH</subfield><subfield code="b">eng</subfield><subfield code="c">KSH</subfield><subfield code="d">NPT</subfield><subfield code="d">OCL</subfield><subfield code="d">OCLCQ</subfield></datafield><datafield ind1=" " ind2=" " tag="042"><subfield code="a">msc</subfield></datafield><datafield ind1="0" ind2="4" tag="245"><subfield code="a">The Kansas commoner.</subfield></datafield><datafield ind1=" " ind2=" " tag="260"><subfield code="a">Newton, Kan. :</subfield><subfield code="b">J.R. Rogers &amp; Son,</subfield><subfield code="c">1887-1912.</subfield></datafield><datafield ind1=" " ind2=" " tag="300"><subfield code="a">25 v. :</subfield><subfield code="b">ill. ;</subfield><subfield code="c">56-65 cm.</subfield></datafield><datafield ind1=" " ind2=" " tag="310"><subfield code="a">Weekly</subfield></datafield><datafield ind1="0" ind2=" " tag="362"><subfield code="a">Vol. 1, no. 1 (Sept. 2, 1887)-v. 26, no. 1 (Dec. 20, 1912).</subfield></datafield><datafield ind1=" " ind2=" " tag="500"><subfield code="a">Published in Wichita, Kan., Sept. 11, 1890-Dec. 20, 1912.</subfield></datafield><datafield ind1=" " ind2=" " tag="500"><subfield code="a">Publisher varies.</subfield></datafield><datafield ind1=" " ind2=" " tag="500"><subfield code="a">"Union labor party."</subfield></datafield><datafield ind1=" " ind2=" " tag="580"><subfield code="a">Issued also in daily edition called: Daily commoner.</subfield></datafield><datafield ind1=" " ind2=" " tag="752"><subfield code="a">United States</subfield><subfield code="b">Kansas</subfield><subfield code="c">Harvey</subfield><subfield code="d">Newton.</subfield></datafield><datafield ind1=" " ind2=" " tag="752"><subfield code="a">United States</subfield><subfield code="b">Kansas</subfield><subfield code="c">Sedgwick</subfield><subfield code="d">Wichita.</subfield></datafield><datafield ind1="1" ind2=" " tag="775"><subfield code="t">Daily commoner</subfield><subfield code="w">(DLC)sn 85032453</subfield></datafield><datafield ind1="0" ind2="0" tag="785"><subfield code="t">Saturday evening Kansas commoner</subfield><subfield code="w">(DLC)sn 85032589</subfield></datafield></record>